@Book{lau2017,
  title = {Handbook of eHealth Evaluation: An Evidence-based Approach},
  author = {Lau, F., C. Kuziemesky},
  publisher = {Wiley},
  year = {2017},
  note = {[Internet]},
  url = {https://www.ncbi.nlm.nih.gov/books/NBK481602/}
}

@Book{lumley2010,
  title = {Complex Surveys: A Guide to Analysis Using {R}},
  author = {Thomas Lumley},
  publisher = {Wiley},
  year = {2010},
  note = {ISBN 978-0-470-28430-8},
  url = {http://r-survey.r-forge.r-project.org/svybook/}
}

@Book{valliant2013,
  title = {Practical Tools for Designing and Weighting Survey Samples},
  author = {Valliant, Richard; Dever, Jill A.; Kreuter, Frauke},
  publisher = {Springer},
  year = {2013},
  note = {ISBN 978-0-470-28430-8},
  url = {https://doi.org/10.1007/978-3-319-93632-1}
}

@misc{mcconville,
  author = {Kelly McConville}, 
  title = {Analyzing Survey Data in R}, 
  url = {https://app.datacamp.com/learn/courses/analyzing-survey-data-in-r}
}

@misc{middleton2022,
  title        = "Reliability vs. Validity in Research | Difference, Types and Examples",
  author       = {Fiona Middleton},
  howpublished = "\url{https://www.scribbr.com/methodology/reliability-vs-validity/}",
  year         = 2022,
  note         = "Scribbr. Retrieved January 16, 2023"
}

@misc{mount,
  author = {George Mount}, 
  title = {Survey and Measurement Development in R}, 
  url = {https://app.datacamp.com/learn/courses/survey-and-measurement-development-in-r}
}

@ONLINE{idre,
  title = {Survey Data Analysis with R. UCLA: Statistical Consulting Group},
  url = {https://stats.idre.ucla.edu/r/seminars/survey-data-analysis-with-r/}
}
