@article{shlens2014tutorial,
  title={A tutorial on principal component analysis},
  author={Shlens, Jonathon},
  journal={arXiv preprint arXiv:1404.1100},
  year={2014},
  url = {https://arxiv.org/pdf/1404.1100&sa=U&ved=2ahUKEwi57Mfr0ZDpAhWtF6YKHfSxAck4ChAWMAZ6BAgEEAE&usg=AOvVaw2ccduDFnmcXvF-iGE-VXIM},
}
