@Book{Hyndman2021,
  title = {Forecasting: principles and practice},
  author = {Rob J Hyndman, George Athanasopoulos},
  publisher = {Otexts},
  year = {2021},
  edition = {3rd},
  note = {ISBN 978-0987507136},
  url = {https://otexts.com/fpp3/},
}
