@Book{Agresti2013,
  title = {Categorical Data Analysis},
  author = {Alan Agresti},
  publisher = {Wiley},
  year = {2013},
  edition = {3rd},
  note = {ISBN 978-0470463635},
  url = {https://www.amazon.com/Categorical-Analysis-Wiley-Probability-Statistics-ebook-dp-B00CAYUFM2/dp/B00CAYUFM2/ref=mt_kindle?_encoding=UTF8&me=&qid=},
}
@Book{Molner2020,
  title = {Interpretable Machine Learning},
  author = {Christoph Molnar},
  year = {2020},
  url = {https://christophm.github.io/interpretable-ml-book/},
}
